@INPROCEEDINGS{Isenberg2006,
    author = {Tobias Isenberg and Andr{\'e} Miede and Sheelagh Carpendale},
    title = {{A} {B}uffer {F}ramework for {S}upporting {R}esponsive {I}nteraction
    in {I}nformation {V}isualization {I}nterfaces},
    booktitle = {Proceedings of the Fourth International Conference on Creating, Connecting,
    and Collaborating through Computing (C\textsuperscript{\,5} 2006)},
    year = {2006},
    pages = {262--269},
    publisher = {IEEE},
    isbn = {978-0-7695-2563-1}
}


@ARTICLE{Miede2010:tugboat,
    author = {Andr{\'e} Miede},
    title = {{T}heses and other {B}eautiful {D}ocuments with \texttt{clas\-sic\-the\-sis}},
    journal = {TUGboat -- The Communications of the \TeX\ Users Group},
    year = {2010},
    volume = {31},
    pages = {18--20},
    number = {1},
    issn = {0896-3207},
    keywords = {classicthesis}
}


@article{Stute2020,
    author = {Stute, Milan and Agarwal, Pranay and Kumar, Abhinav and Asadi, Arash and Hollick, Matthias},
    year = {submitted},
    journaltitle = {IEEE Internet of Things Journal (IoT-J)},
    keywords = {underreview},
    note = {\textbf{Part of this thesis.}},
    title = {LIDOR: A Lightweight DoS-Resilient Communication Protocol for Safety-Critical IoT Systems},
}
